%% LaTeX2e file `references.bib'
%% generated by the `filecontents' environment
%% from source `template' on 2024/10/19.
%%
@article{paperraby,
 title={Raby: Scientific Discovery AI Agent},
 author={RABY},
 year={2024}
}

@Inproceedings{Erikson1993TheCF,
 author = {R. Erikson and J. Goldthorpe},
 title = {The Constant Flux: A Study of Class Mobility in Industrial Societies},
 year = {1993}
}


@Inproceedings{Esping-Andersen1993ChangingC,
 author = {G. Esping-Andersen},
 title = {Changing classes : stratification and mobility in post-industrial societies},
 year = {1993}
}


@Article{Okazaki2017HistoryOT,
 author = {Tetsuji Okazaki},
 journal = {CIRJE J-Series},
 title = {History of the living standard in post-war Japan: Labor productivity, consumption, and leisure},
 year = {2017},
 volume = {273},
 pages = {1-20},
 note = {(in Japanese)}
}


@Article{Okazaki2017HistoryOT,
 author = {T. Okazaki},
 journal = {CIRJE J-Series},
 title = {"History of the living standard in post-war Japan: Labor productivity, cons umption, and leisure " (in Japanese)},
 year = {2017}
}


@Inproceedings{Cwiertka2018ConsumingLI,
 author = {K. Cwiertka and Ewa Machotka},
 title = {Consuming Life in Post-Bubble Japan},
 year = {2018}
}


@Inproceedings{Cwiertka2018ConsumingLI,
 author = {K. Cwiertka and Ewa Machotka},
 title = {Consuming Life in Post-Bubble Japan},
 year = {2018}
}


@Inproceedings{Esping-Andersen1993ChangingC,
 author = {G. Esping-Andersen},
 title = {Changing classes : stratification and mobility in post-industrial societies},
 year = {1993}
}


@Article{Okazaki2017HistoryOT,
 author = {T. Okazaki},
 journal = {CIRJE J-Series},
 title = {"History of the living standard in post-war Japan: Labor productivity, cons umption, and leisure " (in Japanese)},
 year = {2017}
}


@Article{Timonina2022SocioeconomicFO,
 author = {I. Timonina},
 booktitle = {Japanese Studies in Russia},
 journal = {Japanese Studies in Russia},
 title = {Socio-economic factors of changes in consumer behavior and strategies of trading companies in Japan},
 year = {2022}
}


@Article{Borggreen2018ArtAC,
 author = {G. Borggreen},
 booktitle = {Consuming Life in Post-Bubble Japan},
 journal = {Consuming Life in Post-Bubble Japan},
 title = {Art and Consumption in Post-Bubble Japan: From Postmodern Irony to Shared Engagement},
 year = {2018}
}


@Inproceedings{Cwiertka2018ConsumingLI,
 author = {K. Cwiertka and Ewa Machotka},
 title = {Consuming Life in Post-Bubble Japan},
 year = {2018}
}


@Inproceedings{Huaiju2014EthicalIO,
 author = {Wang Huaiju},
 title = {Ethical implication of matter, symbol and symbolic consumption},
 year = {2014}
}


@Article{Granato1996TheEO,
 author = {Jim Granato and R. Inglehart and David Leblang},
 journal = {American Journal of Political Science},
 pages = {607-631},
 title = {The effect of cultural values on economic development: Theory, hypotheses, and some empirical tests},
 volume = {40},
 year = {1996}
}


@Article{Granato1996TheEO,
 author = {Jim Granato and R. Inglehart and David Leblang},
 journal = {American Journal of Political Science},
 pages = {607-631},
 title = {The effect of cultural values on economic development: Theory, hypotheses, and some empirical tests},
 volume = {40},
 year = {1996}
}


@Article{Inglehart1981PostMaterialismIA,
 author = {R. Inglehart},
 booktitle = {American Political Science Review},
 journal = {American Political Science Review},
 pages = {880 - 900},
 title = {Post-Materialism in an Environment of Insecurity},
 volume = {75},
 year = {1981}
}


@Article{Brockington2019AssetsAD,
 author = {D. Brockington and E. Coast and A. Mdee and O. Howland and S. Randall},
 booktitle = {Journal of Peasant Studies},
 journal = {The Journal of Peasant Studies},
 pages = {159 - 179},
 title = {Assets and domestic units: methodological challenges for longitudinal studies of poverty dynamics},
 volume = {48},
 year = {2019}
}

