%% LaTeX2e file `references.bib'
%% generated by the `filecontents' environment
%% from source `template' on 2024/10/31.
%%
@inproceedings{vaswani2017attention,
  title={Attention is all you need},
  author={Vaswani, Ashish and Shazeer, Noam and Parmar, Niki and Uszkoreit, Jakob and Jones, Llion and Gomez, Aidan N and Kaiser, {\L}ukasz and Polosukhin, Illia},
  booktitle={Advances in neural information processing systems},
  pages={5998--6008},
  year={2017}
}

@Article{Igo2006AGM,
 author = {S. Igo},
 booktitle = {Journal of the History of the Behavioral Sciences},
 journal = {Journal of the history of the behavioral sciences},
 pages = {
          109-34
        },
 title = {"A gold mine and a tool for democracy": George Gallup, Elmo Roper, and the business of scientific polling, 1935-1955.},
 volume = {42 2},
 year = {2006}
}


@Article{Scharr'e2024EuclidPX,
 author = {Euclid Collaboration L. Scharr'e and M. Hirschmann and G. Lucia and S. Charlot and F. Fontanot and M. Spinelli and L. Xie and A. Feltre and V. Allevato and A. Plat and M. Bremer and S. Fotopoulou and L. Gabarra and B. Granett and Michele Moresco and C. Scarlata and L. Pozzetti and L. Spinoglio and M. Talia and G. Zamorani and B. Altieri and A. Amara and S. Andreon and N. Auricchio and M. Baldi and S. Bardelli and D. Bonino and E. Branchini and M. Brescia and J. Brinchmann and S. Camera and V. Capobianco and C. Carbone and J. Carretero and S. Casas and F. Castander and M. Castellano and S. Cavuoti and A. Cimatti and G. Congedo and C. Conselice and L. Conversi and Y. Copin and L. Corcione and F. Courbin and H. Courtois and A. D. Silva and H. Degaudenzi and J. Dinis and M. Douspis and F. Dubath and X. Dupac and S. Dusini and M. Farina and S. Farrens and S. Ferriol and M. Frailis and E. Franceschi and S. Galeotta and B. Garilli and B. Gillis and C. Giocoli and A. Grazian and F. Grupp and L. Guzzo and S. Haugan and W. Holmes and I. Hook and F. Hormuth and A. Hornstrup and K. Jahnke and E. Keihanen and S. Kermiche and A. Kiessling and T. Kitching and B. Kubik and M. Kummel and M. Kunz and H. Kurki-Suonio and S. Ligori and P. Lilje and V. Lindholm and I. Lloro and D. Maino and E. Maiorano and O. Mansutti and O. Marggraf and K. Markovič and N. Martinet and F. Marulli and R. Massey and S. Maurogordato and H. McCracken and E. Medinaceli and S. Mei and Y. Mellier and M. Meneghetti and E. Merlin and G. Meylan and L. Moscardini and E. Munari and S. Niemi and C. Padilla and S. Paltani and F. Pasian and K. Pedersen and V. Pettorino and G. Polenta and M. Poncet and L. Popa and F. Raison and A. Renzi and J. Rhodes and G. Riccio and E. Romelli and M. Roncarelli and E. Rossetti and R. Saglia and D. Sapone and B. Sartoris and M. Schirmer and P. Schneider and A. Secroun and G. Seidel and S. Serrano and C. Sirignano and G. Sirri and L. Stanco and C. Surace and P. Tallada-Cresp'i and A. Taylor and H. Teplitz and I. Tereno and R. Toledo-Moreo and F. Torradeflot and I. Tutusaus and L. Valenziano and T. Vassallo and A. Veropalumbo and Y. Wang and J. Weller and J. Zoubian and E. Zucca and A. Biviano and M. Bolzonella and E. Bozzo and C. Burigana and C. Colodro-Conde and D. Ferdinando and R. Farinelli and J. Graci'a-Carpio and G. Mainetti and M. Martinelli and N. Mauri and C. Neissner and A. Nucita and Z. Sakr and V. Scottez and M. Tenti and M. Viel and M. Wiesmann and Y. Akrami and S. Anselmi and C. Baccigalupi and M. Ballardini and M. Béthermin and A. Blanchard and S. Borgani and A. Borlaff and S. Bruton and R. Cabanac and A. Calabrò and G. Cañas-Herrera and A. Cappi and C. Carvalho and G. Castignani and T. Castro and K. Chambers and S. Contarini and T. Contini and A. Cooray and J. Coupon and O. Cucciati and G. Desprez and S. Domizio and H. Dole and A. D. anchez and J. Vigo and S. Escoffier and I. Ferrero and K. Ganga and J. Garc'ia-Bellido and E. Gaztañaga and K. George and F. Giacomini and G. Gozaliasl and A. Gregorio and A. Hall and H. Hildebrandt and J. Kajava and Vanshika Kansal and C. Kirkpatrick and L. Legrand and A. Loureiro and J. Macı́as-Pérez and M. Magliocchetti and C. Mancini and F. Mannucci and R. Maoli and C. Martins and S. Matthew and L. Maurin and R. B. Metcalf and M. Migliaccio and P. Monaco and G. Morgante and N. A. Walton and M. Pontinen and V. Popa and C. Porciani and D. Potter and I. Risso and P. Rocci and M. Sahl'en and A. S'anchez and A. Schneider and M. Schultheis and M. Sereno and P. Simon and J. Steinwagner and G. Testera and M. Tewes and R. Teyssier and S. Toft and S. Tosi and A. Troja and M. Tucci and J. Valiviita and D. Vergani and G. Verza and I. O. Physics and Laboratory for Galaxy Evolution and E. P. F. Lausanne and Observatoire de Sauverny and Versoix and Switzerland and Inaf Trieste and Trieste and Italy and Sorbonne Universit'es and U. U. P. 6. E. Cnrs and I. Paris and Paris and France and Ifpu and Institute for Fundamental Physics of the Universe and Universit'e Cote d'Azur and Observatoire de la Côte d'Azur and Cnrs and Laboratoire Lagrange and Bd de l'Observatoire and 4. Nicecedex and Department of Astronomy Physics and Astronomy and U. W. Cape and Bellville and C. Town and S. Africa and T. University and Binshuixidao and Tianjin and China and Inaf - Arcetri and Firenze and I. -. Capodimonte and Napoli and S. O. Physics and H. P. Laboratory and U. Bristol and Tyndall Avenue and Bristol and Uk and O. University and Oxford INAF-Osservatorio Astronomico di Brera and Milano and D. Bologna and Bologna and I. A. D. Bologna and M. I. O. Astrophysics and U. Minnesota and Minneapolis and Mn and usa and I. D. A. E. P. Spaziali and Roma and Esacesa and Camino Bajo de Castillo and Villanueva de la Cañada and Madrid and Spain and S. O. Mathematics and Physics and University of Surrey and Guildford and Surrey and D. Astronomia and U. Bologna and I. Bologna and I. Torino and Pino Torinese and D. Fisica and U. Genova and Genova and I. Genova and Department of PhysicsE. Pancini and U. Federico and I. Naples and I. D. A. E. C. D. Espacco and U. Porto and Caup and Porto and Portugal and U. Torino and Torino and I. Torino and Inaf-Iasf Milano and Institut de F'isica d'Altes Energies and T. Z. F. O. Science and Technology and Bellaterra and Port d'Informaci'o Cient'ifica and Institute for Solar Physics and Cosmology and R. University and Aachen and Germany and Institute of Space Sciences and Campus Uab and Carrer de Can Magrans and Barcelona and Institut d'Estudis Espacials de de Catalunya and I. Roma and M. Catone and I. F. Astronomy and U. Edinburgh and R. Observatory and B. Hill and Edinburgh and J. B. C. F. Astrophysics and U. Manchester and Oxford Road and Manchester and European Space AgencyESRIN and Frascati and U. Lyon and Univ. Lyon and Villeurbanne and I. O. Physics and L. O. Astrophysics and Ucb Lyon and Iuf Lyon and D. D. F'isica and F. Ciencias and Universidade de Lisboa and C. Grande and Lisboa and D. O. Astronomy and U. Geneva and Universit'e Paris-Saclay and I. D. Spatiale and Orsay and INFN-Padova and Padova and Universit'e de Paris Cit'e and Cea and Aim and Gif-sur-Yvette and Istituto Nazionale Fisica Nucleare and Sezione Infn di Bologna and I. Padova and M. F. Physics and Garching and U. Observatory and F. O. Physics and Ludwig-Maximilians-Universitat and Munich and Dipartimento di FisicaAldo Pontremoli and U. Milano and Infn Milano and Institute of Theoretical Astrophysics and U. Oslo and Oslo and Norway and Jet propulsion Laboratory and C. I. O. Technology. and Pasadena and Ca and L. University and Lancaster and von Hoerner Sulger GmbH and Schwetzingen and T. Denmark and Kgs. Lyngby and Denmark. and Cosmic Dawn Center and M. F. Astronomie and Heidelberg and H. I. O. Physics and U. Helsinki and Finland and A. Universit'e and Cppm and Marseille and Mullard Space Science Laboratory and U. London and Dorking and Universitatssternwarte Munchen and F. Physik and Ludwig-Maximilians-Universitat Munchen and Munchen and U. Geneve and D'epartement de Physique Th'eorique and C. F. A. Physics and Geneve and Helsinki and Nova Optical IR Instrumentation Group at Astron and Dwingeloo and The Netherlands and U. Bonn and Argelander Institut fuer Astronomie and Bonn and Cnes and Lam and Institute for Computational Cosmology and D. University and South Road and Sorbonne Universit'e and Astroparticule et Cosmologie and European Space AgencyESTEC and Az Noordwijk and U. Aarhus and C. Aarhus and Astrophysique and Instrumentation et Mod'elisation Paris-Saclay and S. Center and Italian Space Agency and Centre National d'Etudes Spatiales -- Centre spatial de Toulouse and Toulouse Cédex and Institute of Space Science and Str. Atomistilor and Ilfov and Romania and D. Galilei' and U. Padova and Fcfm and U. D. Chile and Blanco Encalada and Santiago and Chile and Satlantis and U. Park and Leioa-Bilbao and Centro de Investigaciones Energ'eticas and Medioambientales y Tecnol'ogicas and Infrared Processing and A. Center and Tapada da Ajuda and Universidad Polit'ecnica de Cartagena and D. D. E. Y. T. D. Computadoras and Cartagena and Institut de Recherche en Astrophysique et Plan'etologie and U. Toulouse and Ups and Toulouse and INFN-Bologna and -INAF and Istituto di Radioastronomia and Instituto de Astrof'isica de Canarias and San Crist'obal de La Laguna and Tenerife and Centre de Calcul de l'IN2P3CNRS and Infn Roma and P. A. Moro and 2. -. C. D. D. Fisica and Edificio G. Marconi and D. O. Mathematics and Physics E. De Giorgi and University of Salento and V. Arnesano and Lecce and INAF-Sezione di Lecce and Condición Física and Infn and Sezione di Lecce and I. T. Physik and U. Heidelberg and Universit'e St Joseph and F. O. Sciences and Beirut and Lebanon and Junia and Epa department and Lille and Sissa and International School for Advanced Studies and TS Trieste and Sezione di Trieste and 2. ViaValerio and TS 34127Trieste and I. -. C. N. D. R. I. H. P. Computing and Big Data e Quantum Computing and Instituto de F'isica Te'orica UAM-CSIC and C. Cantoblanco and Cercaiso and Case Western Reserve University and Cleveland and Oh and Laboratoire Univers et Th'eorie and Observatoire de Paris and Universit'e Psl and Meudon and D. S. D. Terra and U. Ferrara and Ferrara and Sezione di Ferrara and U. Strasbourg and O. Strasbourg and Strasbourg and D. Astronomia and Universita di UdineI.N.F.N. Trieste and N. R. Center and Moffet Field and Bay Area Environmental Research Institute and California and Institute Lorentz and Leiden University and Leiden and Ra and U. Hawaii and Honolulu and Hi and D. O. Astronomy and U. C. Irvine and CA Irvine and Department of Astronomy Physics and Institute for Computational Astrophysics and Saint Mary's University and Halifax and Nova Scotia and Canada and Departamento de F'isica Aplicada and Campus Muralla del Mar and Murcia and Institute of Cosmology and Gravitation and U. Portsmouth and Portsmouth and Department of Computer Science and A. University and Espoo and R. Bochum and A. Institute and German Centre for Cosmological Lensing and Bochum and U. Turku and Serco for European Space Agency and Camino Bajo de Castillo and sn. and Urb. Villafranca del Castillo and Arc Centre of Excellence for All-Sky Astrophysics Scho Physics and Melbourne and Australia and Centre for Astrophysics Supercomputing and S. U. O. Technology and Victoria and W. Observatory and Kamuela and Ictp Joint Institute for Nuclear Research and Instituto de F'isica Te'orica and Universidade Estadual Paulista and São Paulo and Brazil and Oskar Klein Centre for Cosmoparticle Physics and S. University and Stockholm and Sweden and A. Group and B. Laboratory and I. -. London and K London and U. G. Alpes and Grenoble Inp and Grenoble and S. Roma and Centro de Astrof'isica da Universidade do Porto and Rua das Estrelas and Universita' di Roma Tor Vergata and Sezione di Roma and I. O. Astronomy and U. Cambridge and Madingley Road and Cambridge and D. O. Astrophysics and U. Zurich and Zurich and U. Genova and T. Astrophysics and Uppsala University and Uppsala and D. Sciences and Peyton Hall and P. University and Princeton and Nj and Niels Bohr Institute and U. Copenhagen and Copenhagen and Center for Cosmology and P. Physics and N. University and New York. and Ny and Center for Computational Astrophysics and Flatiron Institute},
 booktitle = {Astronomy &amp; Astrophysics},
 journal = {Astronomy &amp; Astrophysics},
 title = {Euclid preparation. XLV. Optical emission-line predictions of intermediate-z galaxy populations in GAEA for the Euclid Deep and Wide Surveys},
 year = {2024}
}


@Inproceedings{Berg2005TheIE,
 author = {Berg and Thomas A. Rietz and Tippie},
 title = {The Iowa Electronic Market : Lessons Learned and Answers Yearned},
 year = {2005}
}


@Article{Fama1970EFFICIENTCM,
 author = {E. Fama},
 journal = {Journal of Finance},
 pages = {383-417},
 title = {EFFICIENT CAPITAL MARKETS: A REVIEW OF THEORY AND EMPIRICAL WORK*},
 volume = {25},
 year = {1970}
}


@Article{Fama1970EFFICIENTCM,
 author = {E. Fama},
 journal = {Journal of Finance},
 pages = {383-417},
 title = {EFFICIENT CAPITAL MARKETS: A REVIEW OF THEORY AND EMPIRICAL WORK*},
 volume = {25},
 year = {1970}
}


@Article{Fama1970EFFICIENTCM,
 author = {E. Fama},
 journal = {Journal of Finance},
 pages = {383-417},
 title = {EFFICIENT CAPITAL MARKETS: A REVIEW OF THEORY AND EMPIRICAL WORK*},
 volume = {25},
 year = {1970}
}


@Article{Fama1970EFFICIENTCM,
 author = {E. Fama},
 journal = {Journal of Finance},
 pages = {383-417},
 title = {EFFICIENT CAPITAL MARKETS: A REVIEW OF THEORY AND EMPIRICAL WORK*},
 volume = {25},
 year = {1970}
}


@Article{Plott1988RationalEA,
 author = {C. Plott and S. Sunder},
 journal = {Econometrica},
 pages = {1085-1118},
 title = {Rational Expectations and the Aggregation of Diverse Information in Laboratory Security Markets},
 volume = {56},
 year = {1988}
}


@Article{Fama1970EFFICIENTCM,
 author = {E. Fama},
 journal = {Journal of Finance},
 pages = {383-417},
 title = {EFFICIENT CAPITAL MARKETS: A REVIEW OF THEORY AND EMPIRICAL WORK*},
 volume = {25},
 year = {1970}
}


@Inproceedings{Berg2005TheIE,
 author = {Berg and Thomas A. Rietz and Tippie},
 title = {The Iowa Electronic Market : Lessons Learned and Answers Yearned},
 year = {2005}
}


@Article{Fama1970EFFICIENTCM,
 author = {E. Fama},
 journal = {Journal of Finance},
 pages = {383-417},
 title = {EFFICIENT CAPITAL MARKETS: A REVIEW OF THEORY AND EMPIRICAL WORK*},
 volume = {25},
 year = {1970}
}


@Article{Servan-Schreiber2004PredictionMD,
 author = {Emile Servan-Schreiber and J. Wolfers and David M. Pennock and B. Galebach},
 booktitle = {Electronic Markets},
 journal = {Electron. Mark.},
 pages = {243-251},
 title = {Prediction Markets: Does Money Matter?},
 volume = {14},
 year = {2004}
}


@Article{Fama1970EFFICIENTCM,
 author = {E. Fama},
 journal = {Journal of Finance},
 pages = {383-417},
 title = {EFFICIENT CAPITAL MARKETS: A REVIEW OF THEORY AND EMPIRICAL WORK*},
 volume = {25},
 year = {1970}
}


@Inproceedings{Surowiecki2004TheWO,
 author = {James Surowiecki},
 title = {The Wisdom of Crowds: Why the Many Are Smarter Than the Few and How Collective Wisdom Shapes Business, Economies, Societies and Nations},
 year = {2004}
}


@Article{Fama1970EFFICIENTCM,
 author = {E. Fama},
 journal = {Journal of Finance},
 pages = {383-417},
 title = {EFFICIENT CAPITAL MARKETS: A REVIEW OF THEORY AND EMPIRICAL WORK*},
 volume = {25},
 year = {1970}
}

