%% LaTeX2e file `references.bib'
%% generated by the `filecontents' environment
%% from source `template' on 2024/11/15.
%%
@inproceedings{vaswani2017attention,
  title={Attention is all you need},
  author={Vaswani, Ashish and Shazeer, Noam and Parmar, Niki and Uszkoreit, Jakob and Jones, Llion and Gomez, Aidan N and Kaiser, {\L}ukasz and Polosukhin, Illia},
  booktitle={Advances in neural information processing systems},
  pages={5998--6008},
  year={2017}
}

@Article{Oztekin2017PriceDA,
 author = {A. Oztekin and Suchi Mishra and P. Jain and R. Daigler and Sascha Strobl and R. Holowczak},
 booktitle = {The Journal of Trading},
 journal = {The Journal of Trading},
 pages = {59 - 72},
 title = {Price Discovery and Liquidity Characteristics for U.S. Electronic Futures and ETF Markets},
 volume = {12},
 year = {2017}
}


@Inproceedings{Kosar2022InattentivePD,
 author = {M. Kosar and Sergei Mikhalishchev},
 title = {Inattentive Price Discovery in ETFs},
 year = {2022}
}


@Inproceedings{Fulkerson2021ETFAA,
 author = {Jon A. Fulkerson and S. Jordan and Denver H. Travis},
 booktitle = {Journal of Investing},
 pages = {98 - 121},
 title = {ETF Arbitrage and Daily Cash Flow},
 volume = {31},
 year = {2021}
}


@Inproceedings{Liu2015ArbitrageAA,
 author = {Qingfu Liu and Zhong-Ke Gao and Michael T. Chng},
 title = {Arbitrage activity and price discovery across spot , futures and ETF markets},
 year = {2015}
}


@Article{Pagnottoni2018PriceDO,
 author = {Paolo Pagnottoni and T. Dimpfl},
 booktitle = {Digital Finance},
 journal = {Digital Finance},
 pages = {1-23},
 title = {Price discovery on Bitcoin markets},
 year = {2018}
}


@Article{Makarov2019PriceDI,
 author = {I. Makarov and A. Schoar},
 booktitle = {AEA Papers and Proceedings},
 journal = {AEA Papers and Proceedings},
 title = {Price Discovery in Cryptocurrency Markets},
 year = {2019}
}


@Article{Dimpfl2020NothingBN,
 author = {T. Dimpfl and F. Peter},
 journal = {ERN: Knowledge Management & Innovation (Topic)},
 title = {Nothing but Noise? Price Discovery between Cryptocurrency Exchanges},
 year = {2020}
}


@Article{Alexander2020PriceDA,
 author = {C. Alexander and Jaehyuk Choi and H. Massie and S. Sohn},
 booktitle = {International Review of Financial Analysis},
 journal = {ERN: Other Microeconomics: General Equilibrium & Disequilibrium Models of Financial Markets (Topic)},
 title = {Price Discovery and Microstructure in Ether Spot and Derivative Markets},
 year = {2020}
}


@Inproceedings{Majtyka2020FragmentationAP,
 author = {Jaroslaw Majtyka and Simone Kelly and Keith Duncan},
 title = {Fragmentation and Price Discovery in Bitcoin Markets},
 year = {2020}
}


@Article{Alexander2020PriceDA,
 author = {C. Alexander and Jaehyuk Choi and H. Massie and S. Sohn},
 booktitle = {International Review of Financial Analysis},
 journal = {ERN: Other Microeconomics: General Equilibrium & Disequilibrium Models of Financial Markets (Topic)},
 title = {Price Discovery and Microstructure in Ether Spot and Derivative Markets},
 year = {2020}
}


@Inproceedings{Liu2015ArbitrageAA,
 author = {Qingfu Liu and Zhong-Ke Gao and Michael T. Chng},
 title = {Arbitrage activity and price discovery across spot , futures and ETF markets},
 year = {2015}
}


@Article{Hu2019WhatRD,
 author = {Yang Hu and Y. Hou and L. Oxley},
 booktitle = {International Review of Financial Analysis},
 journal = {International Review of Financial Analysis},
 pages = {101569 - 101569},
 title = {What role do futures markets play in Bitcoin pricing? Causality, cointegration and price discovery from a time-varying perspective?},
 volume = {72},
 year = {2019}
}


@Article{Chen2024ETFOA,
 author = {Guanhua Chen and Xiangli Liu and Xiao Liu and Zhihua Zhao},
 booktitle = {Finance Research Letters},
 journal = {Finance Research Letters},
 title = {ETF Ownership and Stock Pricing Efficiency: The Role of ETF Arbitrage},
 year = {2024}
}


@Article{Sundararajan2023IntradayPD,
 author = {Sivakumar Sundararajan and S. Balasubramanian},
 booktitle = {International Journal of Emerging Markets},
 journal = {International Journal of Emerging Markets},
 title = {Intraday price discovery and volatility transmission between the dual-listed stock index futures and spot markets â€“ new evidence from India},
 year = {2023}
}


@Article{Yi2023MarketEO,
 author = {Eojin Yi and B. Yang and Minhyuk Jeong and S. Sohn and Kwangwon Ahn},
 booktitle = {Scientific Reports},
 journal = {Scientific Reports},
 title = {Market efficiency of cryptocurrency: evidence from the Bitcoin market},
 volume = {13},
 year = {2023}
}

