%% LaTeX2e file `references.bib'
%% generated by the `filecontents' environment
%% from source `template' on 2024/10/29.
%%
@article{paperraby,
  title={Raby: Scientific Discovery AI Agent},
  author={RABY},
  year={2024}
}

@Article{Jung2024DecodingBL,
 author = {H. Jung and Jang Hyun Kim and Haein Lee},
 booktitle = {PeerJ Computer Science},
 journal = {PeerJ Computer Science},
 title = {Decoding Bitcoin: leveraging macro- and micro-factors in time series analysis for price prediction},
 volume = {10},
 year = {2024}
}


@Article{Jung2024DecodingBL,
 author = {H. Jung and Jang Hyun Kim and Haein Lee},
 booktitle = {PeerJ Computer Science},
 journal = {PeerJ Computer Science},
 title = {Decoding Bitcoin: leveraging macro- and micro-factors in time series analysis for price prediction},
 volume = {10},
 year = {2024}
}


@Article{Seabe2023ForecastingCP,
 author = {Phumudzo Lloyd Seabe and C. Moutsinga and E. Pindza},
 booktitle = {Fractal and Fractional},
 journal = {Fractal and Fractional},
 title = {Forecasting Cryptocurrency Prices Using LSTM, GRU, and Bi-Directional LSTM: A Deep Learning Approach},
 year = {2023}
}


@Article{Jung2024DecodingBL,
 author = {H. Jung and Jang Hyun Kim and Haein Lee},
 booktitle = {PeerJ Computer Science},
 journal = {PeerJ Computer Science},
 title = {Decoding Bitcoin: leveraging macro- and micro-factors in time series analysis for price prediction},
 volume = {10},
 year = {2024}
}


@Article{Chen2023AnalysisOB,
 author = {Junwei Chen},
 booktitle = {Journal of Risk and Financial Management},
 journal = {Journal of Risk and Financial Management},
 title = {Analysis of Bitcoin Price Prediction Using Machine Learning},
 year = {2023}
}


@Article{Chen2023AnalysisOB,
 author = {Junwei Chen},
 booktitle = {Journal of Risk and Financial Management},
 journal = {Journal of Risk and Financial Management},
 title = {Analysis of Bitcoin Price Prediction Using Machine Learning},
 year = {2023}
}


@Article{None,
 booktitle = {International Journal for Research in Applied Science and Engineering Technology},
 journal = {International Journal for Research in Applied Science and Engineering Technology},
 title = {Bitcoin Price Prediction using Deep Learning},
 year = {2023}
}


@Article{Ji2019ACS,
 author = {Suhwan Ji and Jongmin Kim and Hyeonseung Im},
 booktitle = {Mathematics},
 journal = {Mathematics},
 title = {A Comparative Study of Bitcoin Price Prediction Using Deep Learning},
 year = {2019}
}


@Article{Chen2023AnalysisOB,
 author = {Junwei Chen},
 booktitle = {Journal of Risk and Financial Management},
 journal = {Journal of Risk and Financial Management},
 title = {Analysis of Bitcoin Price Prediction Using Machine Learning},
 year = {2023}
}


@Article{Dutta2019AGR,
 author = {Aniruddha A. Dutta and Saket Kumar and Meheli Basu},
 booktitle = {Journal of Risk and Financial Management},
 journal = {Economics of Innovation eJournal},
 title = {A Gated Recurrent Unit Approach to Bitcoin Price Prediction},
 year = {2019}
}


@Article{Dutta2019AGR,
 author = {Aniruddha A. Dutta and Saket Kumar and Meheli Basu},
 booktitle = {Journal of Risk and Financial Management},
 journal = {Economics of Innovation eJournal},
 title = {A Gated Recurrent Unit Approach to Bitcoin Price Prediction},
 year = {2019}
}


@Article{Zhang2024SegmentingBT,
 author = {Yuxin Zhang and R. Garg and Linda L. Golden and P. Brockett and Ajit Sharma},
 booktitle = {Journal of Risk and Financial Management},
 journal = {Journal of Risk and Financial Management},
 title = {Segmenting Bitcoin Transactions for Price Movement Prediction},
 year = {2024}
}


@Article{Kervanci2023BitcoinPP,
 author = {I. Kervanci and M. Akay and Eren Ã–zceylan},
 booktitle = {Journal of Industrial and Management Optimization},
 journal = {Journal of Industrial and Management Optimization},
 title = {Bitcoin price prediction using LSTM, GRU and hybrid LSTM-GRU with bayesian optimization, random search, and grid search for the next days},
 year = {2023}
}


@Article{Mahmootha2024DeepLB,
 author = {A. A. Mahmootha and Samundeeswari K and S. S. Sajithabanu and S. Sangeetha and S. Rethinavelan},
 booktitle = {Journal of computer science engineering and software testing},
 journal = {Journal of Computer Science Engineering and Software Testing},
 title = {Deep Learning-Based Bitcoin Price Prediction Using Long Short-Term Memory Networks},
 year = {2024}
}

