%% LaTeX2e file `references.bib'
%% generated by the `filecontents' environment
%% from source `template' on 2024/10/30.
%%
@inproceedings{vaswani2017attention,
  title={Attention is all you need},
  author={Vaswani, Ashish and Shazeer, Noam and Parmar, Niki and Uszkoreit, Jakob and Jones, Llion and Gomez, Aidan N and Kaiser, {\L}ukasz and Polosukhin, Illia},
  booktitle={Advances in neural information processing systems},
  pages={5998--6008},
  year={2017}
}

@Article{Kroenke2001ThePV,
 author = {K. Kroenke and R. Spitzer and Janet B W Williams},
 booktitle = {Journal of general internal medicine},
 journal = {Journal of general internal medicine},
 pages = {
          606-13
        },
 title = {The PHQ-9: validity of a brief depression severity measure.},
 volume = {16 9},
 year = {2001}
}


@Article{Robinaugh2019TheNA,
 author = {Donald J. Robinaugh and Ria H A Hoekstra and Emma R. Toner and D. Borsboom},
 booktitle = {Psychological Medicine},
 journal = {Psychological Medicine},
 pages = {353 - 366},
 title = {The network approach to psychopathology: a review of the literature 2008–2018 and an agenda for future research},
 volume = {50},
 year = {2019}
}


@Article{Contreras2019TheSO,
 author = {A. Contreras and Inés Nieto and Carmen Valiente and Regina Espinosa and C. Vázquez},
 booktitle = {Psychotherapy and Psychosomatics},
 journal = {Psychotherapy and Psychosomatics},
 pages = {71 - 83},
 title = {The Study of Psychopathology from the Network Analysis Perspective: A Systematic Review},
 volume = {88},
 year = {2019}
}


@Article{Robinaugh2019TheNA,
 author = {Donald J. Robinaugh and Ria H A Hoekstra and Emma R. Toner and D. Borsboom},
 booktitle = {Psychological Medicine},
 journal = {Psychological Medicine},
 pages = {353 - 366},
 title = {The network approach to psychopathology: a review of the literature 2008–2018 and an agenda for future research},
 volume = {50},
 year = {2019}
}


@Article{Contreras2019TheSO,
 author = {A. Contreras and Inés Nieto and Carmen Valiente and Regina Espinosa and C. Vázquez},
 booktitle = {Psychotherapy and Psychosomatics},
 journal = {Psychotherapy and Psychosomatics},
 pages = {71 - 83},
 title = {The Study of Psychopathology from the Network Analysis Perspective: A Systematic Review},
 volume = {88},
 year = {2019}
}


@Article{Pereira-Morales2019NetworkAO,
 author = {Angela J. Pereira-Morales and A. Adan and D. Forero},
 booktitle = {Journal of Mental Health},
 journal = {Journal of Mental Health},
 pages = {153 - 160},
 title = {Network analysis of multiple risk factors for mental health in young Colombian adults},
 volume = {28},
 year = {2019}
}


@Article{Pereira-Morales2019NetworkAO,
 author = {Angela J. Pereira-Morales and A. Adan and D. Forero},
 booktitle = {Journal of Mental Health},
 journal = {Journal of Mental Health},
 pages = {153 - 160},
 title = {Network analysis of multiple risk factors for mental health in young Colombian adults},
 volume = {28},
 year = {2019}
}


@Article{Sánchez-Hernández2023NetworkAO,
 author = {Milagros O Sánchez-Hernández and F. P. Holgado-Tello and M. Carrasco},
 booktitle = {Psicothema},
 journal = {Psicothema},
 pages = {
          66-76
        },
 title = {Network Analysis of Internalizing and Externalizing Symptoms in Children and Adolescents.},
 volume = {35 1},
 year = {2023}
}


@Article{Murri2018TheSN,
 author = {M. Belvederi Murri and M. Amore and M. Respino and G. Alexopoulos},
 booktitle = {Molecular Psychiatry},
 journal = {Molecular Psychiatry},
 pages = {1447-1456},
 title = {The symptom network structure of depressive symptoms in late-life: Results from a European population study},
 volume = {25},
 year = {2018}
}


@Article{Pereira-Morales2019NetworkAO,
 author = {Angela J. Pereira-Morales and A. Adan and D. Forero},
 booktitle = {Journal of Mental Health},
 journal = {Journal of Mental Health},
 pages = {153 - 160},
 title = {Network analysis of multiple risk factors for mental health in young Colombian adults},
 volume = {28},
 year = {2019}
}


@Article{Fried2019UsingNA,
 author = {Eiko I. Fried and S. V. Stockert and Jonas M. B. Haslbeck and F. Lamers and R. Schoevers and B.W.J.H. Penninx},
 booktitle = {Psychological Medicine},
 journal = {Psychological Medicine},
 pages = {2682 - 2690},
 title = {Using network analysis to examine links between individual depressive symptoms, inflammatory markers, and covariates},
 volume = {50},
 year = {2019}
}


@Article{Ruan2022ANA,
 author = {Qian-Nan Ruan and Ce Chen and Deguo Jiang and Wenjie Yan and Zhang Lin},
 booktitle = {Frontiers in Psychiatry},
 journal = {Frontiers in Psychiatry},
 title = {A network analysis of social problem-solving and anxiety/depression in adolescents},
 volume = {13},
 year = {2022}
}


@Article{Fried2016MentalDA,
 author = {Eiko I. Fried and Claudia D van Borkulo and A. Cramer and L. Boschloo and R. Schoevers and D. Borsboom},
 booktitle = {Social Psychiatry and Psychiatric Epidemiology},
 journal = {Social Psychiatry and Psychiatric Epidemiology},
 pages = {1 - 10},
 title = {Mental disorders as networks of problems: a review of recent insights},
 volume = {52},
 year = {2016}
}


@Article{Fried2016MentalDA,
 author = {Eiko I. Fried and Claudia D van Borkulo and A. Cramer and L. Boschloo and R. Schoevers and D. Borsboom},
 booktitle = {Social Psychiatry and Psychiatric Epidemiology},
 journal = {Social Psychiatry and Psychiatric Epidemiology},
 pages = {1 - 10},
 title = {Mental disorders as networks of problems: a review of recent insights},
 volume = {52},
 year = {2016}
}


@Article{Marsman2018AnIT,
 author = {M. Marsman and D. Borsboom and J. Kruis and S. Epskamp and R. van Bork and L. Waldorp and H.L.J. van der Maas and G. Maris},
 booktitle = {Multivariate Behavioral Research},
 journal = {Multivariate Behavioral Research},
 pages = {15 - 35},
 title = {An Introduction to Network Psychometrics: Relating Ising Network Models to Item Response Theory Models},
 volume = {53},
 year = {2018}
}

